<record><leader>00000cas a22000007a 4500</leader><controlfield tag="001">13420211</controlfield><controlfield tag="008">860411d19031948nmuwr ne      0   a0eng d</controlfield><datafield ind1=" " ind2=" " tag="010"><subfield code="a">sn 86063579 </subfield></datafield><datafield ind1=" " ind2=" " tag="040"><subfield code="a">KSH</subfield><subfield code="b">eng</subfield><subfield code="c">KSH</subfield><subfield code="d">NPT</subfield><subfield code="d">NVM</subfield><subfield code="d">NSD</subfield><subfield code="d">DLC</subfield><subfield code="d">NVM</subfield><subfield code="d">OCLCQ</subfield><subfield code="d">DLC</subfield><subfield code="d">OCLCF</subfield><subfield code="d">DLC</subfield></datafield><datafield ind1="0" ind2=" " tag="022"><subfield code="a">2373-4795</subfield><subfield code="2">1</subfield></datafield><datafield ind1=" " ind2=" " tag="042"><subfield code="a">msc</subfield><subfield code="a">nsdp</subfield></datafield><datafield ind1=" " ind2=" " tag="043"><subfield code="a">n-us-nm</subfield></datafield><datafield ind1="0" ind2="0" tag="050"><subfield code="a">Newspaper</subfield></datafield><datafield ind1="0" ind2="0" tag="082"><subfield code="a">071</subfield><subfield code="2">23</subfield></datafield><datafield ind1=" " ind2="0" tag="222"><subfield code="a">Deming graphic</subfield><subfield code="b">(Print)</subfield></datafield><datafield ind1="0" ind2="0" tag="245"><subfield code="a">Deming graphic.</subfield></datafield><datafield ind1=" " ind2=" " tag="260"><subfield code="a">Deming, N.M. :</subfield><subfield code="b">N.S. Rose</subfield></datafield><datafield ind1=" " ind2=" " tag="300"><subfield code="a">v.</subfield></datafield><datafield ind1=" " ind2=" " tag="310"><subfield code="a">Weekly</subfield></datafield><datafield ind1="0" ind2=" " tag="362"><subfield code="a">Vol. 1, no. 1 (Mar. 18, 1903)-v. 46, no. 52 (Dec. 30, 1948).</subfield></datafield><datafield ind1=" " ind2=" " tag="530"><subfield code="a">Also on microfilm: El Paso, Tex. : Southwest Micropublishing, Inc.</subfield></datafield><datafield ind1=" " ind2=" " tag="530"><subfield code="a">Archived issues are available in digital format from the Library of Congress Chronicling America online collection.</subfield></datafield><datafield ind1=" " ind2="0" tag="651"><subfield code="a">Deming (N.M.)</subfield><subfield code="v">Newspapers.</subfield></datafield><datafield ind1=" " ind2="0" tag="651"><subfield code="a">Luna County (N.M.)</subfield><subfield code="v">Newspapers.</subfield></datafield><datafield ind1=" " ind2="7" tag="651"><subfield code="a">New Mexico</subfield><subfield code="z">Deming.</subfield><subfield code="2">fast</subfield><subfield code="0">(OCoLC)fst01223379</subfield></datafield><datafield ind1=" " ind2="7" tag="651"><subfield code="a">New Mexico</subfield><subfield code="z">Luna County.</subfield><subfield code="2">fast</subfield><subfield code="0">(OCoLC)fst01213114</subfield></datafield><datafield ind1=" " ind2="7" tag="655"><subfield code="a">Newspapers.</subfield><subfield code="2">fast</subfield><subfield code="0">(OCoLC)fst01423814</subfield></datafield><datafield ind1=" " ind2=" " tag="752"><subfield code="a">United States</subfield><subfield code="b">New Mexico</subfield><subfield code="c">Luna</subfield><subfield code="d">Deming.</subfield></datafield><datafield ind1="0" ind2="8" tag="776"><subfield code="i">Online version:</subfield><subfield code="t">Deming graphic (Online)</subfield><subfield code="x">2373-4809</subfield><subfield code="w">(DLC)  2014218450</subfield><subfield code="w">(OCoLC)881282456</subfield></datafield><datafield ind1="0" ind2="0" tag="780"><subfield code="t">Deming herald</subfield><subfield code="w">(DLC)sn 92072347</subfield><subfield code="w">(OCoLC)26252867</subfield></datafield><datafield ind1="0" ind2="7" tag="785"><subfield code="t">Deming headlight (Deming, N.M. : 1881)</subfield><subfield code="x">2165-9222</subfield><subfield code="w">(DLC)sn 83004264</subfield><subfield code="w">(OCoLC)4605616</subfield></datafield><datafield ind1="0" ind2="7" tag="785"><subfield code="t">Deming graphic and the Deming headlight</subfield><subfield code="w">(DLC)sn 92072352</subfield><subfield code="w">(OCoLC)26252896</subfield></datafield><datafield ind1="4" ind2="1" tag="856"><subfield code="u">http://www.loc.gov/chroniclingamerica/lccn/sn86063579/issues</subfield></datafield><datafield ind1="1" ind2=" " tag="029"><subfield code="a">AU@</subfield><subfield code="b">000024944336</subfield></datafield></record>